@article{knuth84,
  author = {Knuth, Donald E.},
  title = {Literate Programming},
  year = {1984},
  issue_date = {May 1984},
  publisher = {Oxford University Press, Inc.},
  address = {USA},
  volume = {27},
  number = {2},
  issn = {0010-4620},
  url = {https://doi.org/10.1093/comjnl/27.2.97},
  doi = {10.1093/comjnl/27.2.97},
  journal = {Comput. J.},
  month = may,
  pages = {97–111},
  numpages = {15}
}



@book{lefoll2021,
	title = {Introducing the Multi-Feature Tagger of English (MFTE)},
	author = {Le Foll, Elen},
	year = {2021},
	month = {12},
	date = {2021-12-31},
	url = {https://github.com/elenlefoll/MultiFeatureTaggerEnglish},
	address = {Osnabrück University}
}

@book{lefoll2021a,
	title = {Introducing the Multi-Feature Tagger of English (MFTE)},
	author = {Le Foll, Elen},
	year = {2021},
	month = {12},
	date = {2021-12-31},
	url = {https://github.com/elenlefoll/MultiFeatureTaggerEnglish},
	address = {Osnabrück University}
}

@inbook{diwersy2014,
	title = {A weakly supervised multivariate approach to the study of language variation},
	author = {Diwersy, Sascha and Evert, Stephanie and Neumann, Stella},
	editor = {Szmrecsanyi, Benedikt and {Wälchli}, Bernhard},
	year = {2014},
	date = {2014},
	publisher = {De Gruyter},
	pages = {174--204},
	note = {Publisher: De Gruyter Berlin},
	address = {Berlin}
}

@inbook{neumann2021,
	title = {A register variation perspective on varieties of English},
	author = {Neumann, Stella and Evert, Stephanie},
	editor = {Seoane, Elena and Biber, Douglas},
	year = {2021},
	date = {2021},
	publisher = {Benjamins},
	pages = {144{\textendash}178},
	series = {Studies in Corpus Linguistics},
	number = {103},
	note = {Meeting Name: International Conference on English Language Research on Computerized Corpora},
	address = {Amsterdam}
}

@inbook{lefoll2024,
	title = {Why we need Open Science and Open Education to bridge the corpus research{\textendash}practice gap},
	author = {Le Foll, Elen},
	editor = {Crosthwaite, Peter},
	year = {2024},
	date = {2024},
	publisher = {Routledge},
	pages = {142--156},
	address = {London}
}

@misc{associationforcomputingmachinery2020,
	title = {Artifact Review and Badging version 1.1},
	author = {Association for Computing Machinery, {(ACM)}},
	year = {2020},
	month = {08},
	date = {2020-08-24},
	url = {https://www.acm.org/publications/policies/artifact-review-and-badging-current},
	langid = {en}
}

@article{berez-kroeker2018,
	title = {Reproducible research in linguistics: A position statement on data citation and attribution in our field},
	author = {Berez-Kroeker, Andrea L. and Gawne, Lauren and Kung, Susan Smythe and Kelly, Barbara F. and Heston, Tyler and Holton, Gary and Pulsifer, Peter and Beaver, David I. and Chelliah, Shobhana and Dubinsky, Stanley and Meier, Richard P. and Thieberger, Nick and Rice, Keren and Woodbury, Anthony C.},
	year = {2018},
	month = {01},
	date = {2018-01-01},
	journal = {Linguistics},
	pages = {1--18},
	volume = {56},
	number = {1},
	doi = {10.1515/ling-2017-0032},
	langid = {en}
}

@article{mcmanus2021,
	title = {Are Replication Studies Infrequent Because of Negative Attitudes? Insights from a Survey of Attitudes and Practices in Second Language Research},
	author = {McManus, Kevin},
	year = {2021},
	month = {12},
	date = {2021-12-07},
	journal = {Studies in Second Language Acquisition},
	pages = {1--14},
	doi = {10.1017/S0272263121000838},
	url = {https://www.cambridge.org/core/product/identifier/S0272263121000838/type/journal_article},
	langid = {en}
}

@article{wilkinson2016,
	title = {The FAIR Guiding Principles for scientific data management and stewardship},
	author = {Wilkinson, Mark D. and Dumontier, Michel and Aalbersberg, IJsbrand Jan and Appleton, Gabrielle and Axton, Myles and Baak, Arie and Blomberg, Niklas and Boiten, Jan-Willem and da Silva Santos, Luiz Bonino and Bourne, Philip E. and Bouwman, Jildau and Brookes, Anthony J. and Clark, Tim and Crosas, {Mercè} and Dillo, Ingrid and Dumon, Olivier and Edmunds, Scott and Evelo, Chris T. and Finkers, Richard and Gonzalez-Beltran, Alejandra and Gray, Alasdair J. G. and Groth, Paul and Goble, Carole and Grethe, Jeffrey S. and Heringa, Jaap and {{\textquoteright}t Hoen}, Peter A. C. and Hooft, Rob and Kuhn, Tobias and Kok, Ruben and Kok, Joost and Lusher, Scott J. and Martone, Maryann E. and Mons, Albert and Packer, Abel L. and Persson, Bengt and Rocca-Serra, Philippe and Roos, Marco and van Schaik, Rene and Sansone, Susanna-Assunta and Schultes, Erik and Sengstag, Thierry and Slater, Ted and Strawn, George and Swertz, Morris A. and Thompson, Mark and van der Lei, Johan and van Mulligen, Erik and Velterop, Jan and Waagmeester, Andra and Wittenburg, Peter and Wolstencroft, Katherine and Zhao, Jun and Mons, Barend},
	year = {2016},
	month = {03},
	date = {2016-03-15},
	journal = {Scientific Data},
	pages = {160018},
	volume = {3},
	number = {1},
	doi = {10.1038/sdata.2016.18},
	url = {https://www.nature.com/articles/sdata201618},
	note = {Number: 1
Publisher: Nature Publishing Group},
	langid = {en}
}

@techreport{rcoreteam2022,
	title = {R: A Language and Environment for Statistical Computing},
	author = {R Core Team, },
	year = {2022},
	date = {2022},
	url = {https://www.R-project.org/},
	note = {tex.organization: R Foundation for Statistical Computing},
	address = {Vienna, Austria}
}

@article{love2017,
	title = {The Spoken BNC2014},
	author = {Love, Robbie and Dembry, Claire and Hardie, Andrew and Brezina, Vaclav and McEnery, Tony},
	year = {2017},
	date = {2017},
	journal = {International Journal of Corpus Linguistics},
	pages = {319--344},
	volume = {22},
	number = {3},
	doi = {https://doi.org/10.1075/ijcl.22.3.02lov}
}

@article{love2019,
	title = {Functional variation in the Spoken BNC2014 and the potential for register analysis},
	author = {Love, Robbie and Brezina, Vaclav and McEnery, Tony and Hawtin, Abi and Hardie, Andrew and Dembry, Claire},
	year = {2019},
	date = {2019},
	journal = {Register Studies},
	pages = {296--317},
	volume = {1},
	number = {2},
	doi = {10.1075/rs.18013.lov},
	langid = {en}
}

@article{lefoll,
	title = {{\emph{Schulenglisch}}: A multi-dimensional model of the variety of English taught in German secondary schools},
	author = {Le Foll, Elen},
	journal = {AAA: Arbeiten aus Anglistik und Amerikanistik},
	volume = {49},
	note = {Pre-print: https://osf.io/n3fz9/}
}

@article{lefoll2023,
	title = {Introducing a New Open-Source Corpus-Linguistic Tool: The Multi-Feature Tagger of English (MFTE)},
	author = {Le Foll, Elen and Shakir, Muhammad},
	year = {2023},
	month = {05},
	date = {2023-05},
	address = {NWU Vanderbijlpark (South Africa)}
}

@phdthesis{
  LeFollTextbookEnglishCorpusBased2022,
  place={Osnabrück, Germany},
  title={Textbook English: A Corpus-Based Analysis of the Language of EFL textbooks used in Secondary Schools in France, Germany and Spain},
  url={https://doi.org/10.48693/278},
  school={Osnabrück University},
  author={Le Foll, Elen},
  year={2022},
month={Mar} }

@article{
  LeFollSchulenglischmultidimensionalmodelsubmitted,
  title={Schulenglisch: A multi-dimensional model of the variety of English taught in German secondary schools},
  volume={49},
  DOI={10.24053/AAA-2024-0019},
  number={1},
  journal={AAA: Arbeiten aus Anglistik und Amerikanistik / Agenda: Advancing Anglophone Studies},
  author={Le Foll, Elen},
  year={2024},
pages={15–50} }

@misc{
  lefollWhyWeNeed2022,
  title={Why we need Open Science and Open Education to bridge the corpus research-practice gap},
  url={https://www.youtube.com/watch?v=ctgNUrOmcuI},
  author={Le Foll, Elen},
  year={2022},
month={Apr} }

@inbook{
  mcmanusReplicationOpenScienceinpress,
  place={Amsterdam},
  title={Replication and Open Science in Applied Linguistics Research},
  url={Preprint: https://osf.io/bqr9w/},
  booktitle={Open Science in Applied Linguistics},
  publisher={John Benjamins},
  author={McManus, Kevin},
editor={Plonsky, Luke} }

@article{
  parsonsCommunitysourcedGlossaryOpen2022,
  title={A community-sourced glossary of open scholarship terms},
  volume={6},
  ISSN={2397-3374},
  url={https://www.nature.com/articles/s41562-021-01269-4},
  DOI={10.1038/s41562-021-01269-4},
  number={3},
  journal={Nature Human Behaviour},
  publisher={Nature},
  author={Parsons, Sam and Azevedo, Flávio and Elsherif, Mahmoud M. and Guay, Samuel and Shahim, Owen N. and Govaart, Gisela H. and Norris, Emma and O’Mahony, Aoife and Parker, Adam J. and Todorovic, Ana and et al.},
  year={2022},
  month={Mar},
pages={312–318} }

@book{
  PorteDoingReplicationResearch2018,
  edition={1},
  title={Doing Replication Research in Applied Linguistics},
  ISBN={978-1-315-62139-5},
  url={https://www.taylorfrancis.com/books/9781317219828},
  DOI={10.4324/9781315621395},
  publisher={Routledge},
  author={Porte, Graeme and McManus, Kevin},
  year={2018},
month={Dec} }

@article{
  BelzSystematicReviewReproducibility2021,
  title={A Systematic Review of Reproducibility Research in Natural Language Processing},
  url={http://arxiv.org/abs/2103.07929},
  journal={arXiv:2103.07929 [cs]},
  author={Belz, Anya and Agarwal, Shubham and Shimorina, Anastasia and Reiter, Ehud},
  year={2021},
month={Mar} }

@article{
  Berez-KroekerReproducibleresearchlinguistics2018,
  title={Reproducible research in linguistics: A position statement on data citation and attribution in our field},
  volume={56},
  ISSN={1613-396X},
  DOI={10.1515/ling-2017-0032},
  number={1},
  journal={Linguistics},
  author={Berez-Kroeker, Andrea L. and Gawne, Lauren and Kung, Susan Smythe and Kelly, Barbara F. and Heston, Tyler and Holton, Gary and Pulsifer, Peter and Beaver, David I. and Chelliah, Shobhana and Dubinsky, Stanley and et al.},
  year={2018},
  month={Jan},
pages={1–18} }

@article{
  McManusAreReplicationStudies2021,
  title={Are Replication Studies Infrequent Because of Negative Attitudes? Insights from a Survey of Attitudes and Practices in Second Language Research},
  ISSN={0272-2631, 1470-1545},
  url={https://www.cambridge.org/core/product/identifier/S0272263121000838/type/journal_article},
  DOI={10.1017/S0272263121000838},
  journal={Studies in Second Language Acquisition},
  author={McManus, Kevin},
  year={2021},
  month={Dec},
pages={1–14} }

@misc{
  LeFollconceptualreplicationMultiDimensional2023,
  place={NWU Vanderbijlpark (South Africa)},
  title={A conceptual replication of the Multi-Dimensional Model of General Spoken and Written English (Biber 1988): Challenges, Limitations and Potential solutions},
  url={https://osf.io/f5496/},
  author={Le Foll, Elen},
  year={2023},
month={May} }

@article{
  bochynskaReproducibleResearchPractices2023,
  title={Reproducible research practices and transparency across linguistics},
  volume={2},
  ISSN={2767-0279},
  url={https://escholarship.org/uc/item/6m62j7p6},
  DOI={10.5070/G6011239},
  number={1},
  journal={Glossa Psycholinguistics},
  author={Bochynska, Agata and Keeble, Liam and Halfacre, Caitlin and Casillas, Joseph V. and Champagne, Irys-Amélie and Chen, Kaidi and Röthlisberger, Melanie and Buchanan, Erin M. and Roettger, Timo B.},
  year={2023},
month={Nov} }

@article{
  al-hoorieOpenScholarshipTransparency2024,
  title={Open Scholarship and Transparency in Applied Linguistics Research},
  url={https://osf.io/7ntq2},
  DOI={10.31219/osf.io/7ntq2},
author={Al-Hoorie, Ali H. and Marsden, Emma} }

@article{
  gomesWhyDonWe2022,
  title={Why don’t we share data and code? Perceived barriers and benefits to public archiving practices},
  volume={289},
  url={https://royalsocietypublishing.org/doi/10.1098/rspb.2022.1113},
  DOI={10.1098/rspb.2022.1113},
  number={1987},
  journal={Proceedings of the Royal Society B: Biological Sciences},
  publisher={Royal},
  author={Gomes, Dylan G. E. and Pottier, Patrice and Crystal-Ornelas, Robert and Hudgins, Emma J. and Foroughirad, Vivienne and Sánchez-Reyes, Luna L. and Turba, Rachel and Martinez, Paula Andrea and Moreau, David and Bertram, Michael G. and et al.},
  year={2022},
  month={Nov},
pages={20221113} }

@inbook{
  LeFollMakingteamistakes2022,
  place={Oxon; New York},
  series={Routledge Advances in Corpus Linguistics},
  title={Making tea and mistakes: The functions of make in spoken English and textbook dialogues},
  ISBN={978-0-367-72509-9},
  booktitle={Multifunctionality in English: Corpora, Language and Academic Literacy Pedagogy},
  publisher={Routledge},
  author={Le Foll, Elen},
  editor={Yin, Zihan and Vine, Elaine},
  year={2022},
  pages={157–178},
collection={Routledge Advances in Corpus Linguistics} }

@inbook{
  LeFollputtingsaltmy2022,
  place={Amsterdam},
  series={Studies in Corpus Linguistics},
  title={“I’m putting some salt in my sandwich.” The use of the progressive in EFL textbook conversation},
  ISBN={978-90-272-1266-5},
  DOI={10.1075/scl.105.04lef},
  booktitle={Broadening the spectrum of corpus linguistics: New approaches to variability and change},
  publisher={John Benjamins},
  author={Le Foll, Elen},
  editor={Flach, Susanne and Hilpert, Martin},
  year={2022},
  pages={93–132},
collection={Studies in Corpus Linguistics} }

@article{
  LeFollRegisterVariationSchool2021,
  title={Register Variation in School EFL Textbooks},
  volume={3},
  DOI={10.1075/rs.20009.lef},
  number={2},
  journal={Register Studies},
  author={Le Foll, Elen},
  year={2021},
pages={207–246} }
